<?xml version="1.0" encoding="UTF-8"?><collection xmlns="http://www.loc.gov/MARC21/slim"><record><leader>00427nam--2200133-i-4500</leader><controlfield tag="001">000023395</controlfield><controlfield tag="002">20161230</controlfield><controlfield tag="005">20161230201035</controlfield><controlfield tag="008">060222s1000------------r-----000-0-eng-d</controlfield><datafield ind1=" " ind2=" " tag="080"><subfield code="a">621.039.86(043)</subfield></datafield><datafield ind1=" " ind2=" " tag="100"><subfield code="a">Ghosh, Protip Kumar</subfield></datafield><datafield ind1=" " ind2=" " tag="245"><subfield code="a">Use of bentonites and glauconites in potassium-40/argon-40 dating in gulf coast stratigraphy. thesis</subfield></datafield><datafield ind1=" " ind2=" " tag="260"><subfield code="a">Ann Arbor, Michigan, University Microfilms, 1972, 136p</subfield></datafield><datafield ind1=" " ind2=" " tag="852"><subfield code="a">41266</subfield></datafield></record></collection>